@electronic{galois,
	title     = "La trágica historia de Evariste Galois",
	url       = "http://www.uv.es/~jaguilar/historias/galois.html"
}

@electronic{rijndael,
	title     = "The Design of Rijndael",
	author    = "Joan Daemen, Vincent Rijmen",	
	url       = "http://jda.noekeon.org/JDA_VRI_Rijndael_2002.pdf"
}

@electronic{galois,
	title     = "La trágica historia de Evariste Galois",
	url       = "http://www.uv.es/~jaguilar/historias/galois.html"
}

@electronic{feistel,
	title     = "Block Ciphers",
	author    = "Michael Backes",	
	url       = "http://web.cs.du.edu/~ramki/courses/security/2011Winter/notes/feistelProof.pdf"
}

@electronic{feistelbiography,
	title     = "Mr. Horst Feistel",
	author    = "IT History Society",	
	url       = "http://www.ithistory.org/honor-roll/mr-horst-feistel"
}

@misc{DESIP,
	date = {February 23, 2008},
	author = {SebDE},
	url = {https://en.wikipedia.org/wiki/File:DES-ip.svg}
}
@misc{DESIP-1,
	date = {February 23, 2008},
	author = {SebDE},
	url = {https://en.wikipedia.org/wiki/File:DES-ip-1.svg}
}
@misc{DESP,
	date = {February 23, 2008},
	author = {SebDE},
	url = {https://en.wikipedia.org/wiki/File:DES-pp.svg}
}
